<record><leader>00000cas a22000007a 4500</leader><controlfield tag="001">27098353</controlfield><controlfield tag="008">921210d19231972ncucr ne      0   a0eng d</controlfield><datafield ind1=" " ind2=" " tag="010"><subfield code="a">sn 92073229 </subfield></datafield><datafield ind1=" " ind2=" " tag="040"><subfield code="a">ALM</subfield><subfield code="b">eng</subfield><subfield code="c">ALM</subfield><subfield code="d">NVJ</subfield><subfield code="d">OCLCQ</subfield><subfield code="d">OCLCF</subfield><subfield code="d">OCLCO</subfield></datafield><datafield ind1="1" ind2=" " tag="029"><subfield code="a">AU@</subfield><subfield code="b">000020720654</subfield></datafield><datafield ind1=" " ind2=" " tag="042"><subfield code="a">msc</subfield></datafield><datafield ind1=" " ind2=" " tag="043"><subfield code="a">n-us-nc</subfield></datafield><datafield ind1="0" ind2="4" tag="245"><subfield code="a">The Chapel Hill weekly.</subfield></datafield><datafield ind1=" " ind2=" " tag="260"><subfield code="a">Chapel Hill, N.C. :</subfield><subfield code="b">Louis Graves</subfield></datafield><datafield ind1=" " ind2=" " tag="300"><subfield code="a">v. :</subfield><subfield code="b">ill. ;</subfield><subfield code="c">48 cm.</subfield></datafield><datafield ind1=" " ind2=" " tag="310"><subfield code="a">Semiweekly,</subfield><subfield code="b">May 10, 1955-Sept. 3, 1972</subfield></datafield><datafield ind1=" " ind2=" " tag="321"><subfield code="a">Weekly,</subfield><subfield code="b">Mar. 1, 1923-May 6, 1955</subfield></datafield><datafield ind1="0" ind2=" " tag="362"><subfield code="a">Vol. 1, no. 1 (Mar. 1, 1923)-v. 50, no. 70 (Sept. 3, 1972).</subfield></datafield><datafield ind1=" " ind2=" " tag="500"><subfield code="a">"Serving the Chapel Hill area since 1923."</subfield></datafield><datafield ind1=" " ind2=" " tag="530"><subfield code="a">Also issued on microfilm.</subfield></datafield><datafield ind1=" " ind2="0" tag="651"><subfield code="a">Chapel Hill (N.C.)</subfield><subfield code="v">Newspapers.</subfield></datafield><datafield ind1=" " ind2="0" tag="651"><subfield code="a">Orange County (N.C.)</subfield><subfield code="v">Newspapers.</subfield></datafield><datafield ind1=" " ind2="7" tag="655"><subfield code="a">Newspapers.</subfield><subfield code="2">fast</subfield><subfield code="0">(OCoLC)fst01423814</subfield></datafield><datafield ind1=" " ind2="7" tag="651"><subfield code="a">North Carolina</subfield><subfield code="z">Chapel Hill.</subfield><subfield code="2">fast</subfield><subfield code="0">(OCoLC)fst01206600</subfield></datafield><datafield ind1=" " ind2="7" tag="651"><subfield code="a">North Carolina</subfield><subfield code="z">Orange County.</subfield><subfield code="2">fast</subfield><subfield code="0">(OCoLC)fst01220945</subfield></datafield><datafield ind1=" " ind2=" " tag="752"><subfield code="a">United States</subfield><subfield code="b">North Carolina</subfield><subfield code="c">Orange</subfield><subfield code="d">Chapel Hill.</subfield></datafield><datafield ind1="1" ind2=" " tag="776"><subfield code="t">Chapel Hill weekly</subfield><subfield code="w">(OCoLC)13368393</subfield></datafield><datafield ind1="0" ind2="0" tag="785"><subfield code="t">Chapel Hill newspaper</subfield><subfield code="w">(DLC)sn 92073233</subfield></datafield></record>